<?xml version="1.0" encoding="UTF-8"?><collection xmlns="http://www.loc.gov/MARC21/slim"><record><leader>00317nam--2200121-i-4500</leader><controlfield tag="001">000006148</controlfield><controlfield tag="002">20161230</controlfield><controlfield tag="005">20161230201026</controlfield><controlfield tag="008">060222s1000------------r-----000-0-eng-d</controlfield><datafield ind1=" " ind2=" " tag="100"><subfield code="a">Barz, H.U., Scholz, J</subfield></datafield><datafield ind1=" " ind2=" " tag="245"><subfield code="a">Atomkerne - isotope - reaktoren</subfield></datafield><datafield ind1=" " ind2=" " tag="260"><subfield code="a">Leipzig, Veb Verlag Enzyklopadie, 1962 143 P</subfield></datafield><datafield ind1=" " ind2=" " tag="852"><subfield code="a">8630</subfield></datafield></record></collection>